
@MISC{ CVUT-FEL:zaverecne-prace,
  AUTHOR = {Tichá, Ludmila and Civínová, Zdeňka and
            Morysková, Michaela and Trtíková, Ilona and
            Němečková, Lenka},
  TITLE  = {Jak psát vysokoškolské závěrečné práce},
  YEAR   = {2012},
  URL    = {http://knihovna.cvut.cz/studium/jak-psat-vskp/},
  URLDATE= {2012-12-13},
}

@MISC{ CVUT-FEL:smernice,
  AUTHOR = {ČVUT FEL},
  TITLE  = {Směrnice děkana pro magisterské státní
            závěrečné zkoušky na {ČVUT FEL}},
  YEAR   = {2012},
  URL    = {http://www.fel.cvut.cz/rozvoj/smerniceMSZZ.html},
  URLDATE= {2012-12-13},
}

@MISC{ CSN:016910,
  AUTHOR = {{ČSN} 01 6910},
  TITLE  = {Úprava písemností zpracovaných textovými editory},
  YEAR   = {2007},
  MONTH  = {duben},
  URL    = {http://typotypo.wz.cz/csn016910.pdf},
}

@MISC{ csn690,
  AUTHOR = {{ČSN} ISO 690},
  TITLE  = {Informace a dokumentace -- 
            Pravidla pro bibliografické odkazy a citace informačních zdrojů},
  YEAR   = {2011},
  MONTH  = {duben},
  URL    = {http://www.citace.cz/},
}

@MANUAL{ Patashnik88a,
  AUTHOR = {Patashnik, Oren},
  TITLE  = {{Bib\TeX}ing},
  YEAR   = {1988},
  MONTH  = jan,
}

@MISC{ bibtex,
  AUTHOR = {Feder, Alexander},
  TITLE  = {{Bib\TeX}},
  URL    = {http://www.bibtex.org/},
  URLDATE= {2012-12-13},
}

@MISC{ csbibtex,
  AUTHOR = {Novotný, Petr},
  TITLE  = {{CSBib\TeX}},
  YEAR   = {1994},
  URL    = {http://math.feld.cvut.cz/olsak/cstex/csbibtex.txt},
}

@MISC{ bibtex8,
  AUTHOR = {Kempson, Niel and Aguilar-Sierra, Alejandro},
  TITLE  = {{Bib\TeX 8}},
  YEAR   = {1996},
  URL    = {http://www.ctan.org/tex-archive/biblio/bibtex/8-bit},
  URLDATE= {2012-12-13},
}

@MISC{ biber,
  AUTHOR = {Charette, Fran\c{c}ois and Kime, Philip},
  TITLE  = {{Biber}},
  URL    = {http://biblatex-biber.sourceforge.net/},
  URLDATE= {2012-12-13},
}

@MISC{ biblatex,
  AUTHOR = {Lehman, Philipp},
  TITLE  = {{Bib\LaTeX}},
  YEAR   = {2012},
  URL    = {http://ftp.cstug.cz/pub/tex/CTAN/help/Catalogue/entries/biblatex.html},
  URLDATE= {2012-12-13},
}

@MANUAL{ Lamport87,
  AUTHOR = {Lamport, Leslie},
  TITLE  = {{MakeIndex}: An Index Processor For \LaTeX{}},
  YEAR   = {1987},
  MONTH  = feb,
}

@MANUAL{ Chen86,
  AUTHOR = {Chen, Pehong},
  TITLE  = {Index Preparation and Processing},
  YEAR   = {1986},
}

@MANUAL{ Wagner92,
  AUTHOR = {Wagner, Zdeněk},
  TITLE  = {{CsIndex} v.2.11 czech/slovak implementation of -- česká slovenská implementace programu {MakeIndex}},
  YEAR   = {1992},
  MONTH  = aug,
  URL    = {http://mi21.vsb.cz/sites/mi21.vsb.cz/files/csindex.pdf},
}

@MISC{ xindy,
  AUTHOR = {Schrod, Joachim},
  TITLE  = {{Xindy}},
  URL    = {http://xindy.sourceforge.net/},
  URLDATE= {2012-12-13},
}

@MISC{ CVUT-FEL-rocenka11,
  AUTHOR = {ČVUT v~Praze, FEL},
  TITLE  = {Výroční zpráva za rok 2011},
  YEAR   = {2012},
  URL    = {http://www.fel.cvut.cz/rozvoj/vyrocni-zprava2011.pdf},
}

@MANUAL{ longtable,
  AUTHOR = {Carlisle, David},
  TITLE  = {The longtable package},
  YEAR   = {2004},
  MONTH  = feb,
  URL    = {http://mirrors.ctan.org/macros/latex/required/tools/longtable.pdf},
}

@MANUAL{ epslatex,
  AUTHOR = {Reckdahl, Keith},
  TITLE  = {Using Imported Graphics in {\LaTeX} and {pdf\LaTeX}},
  YEAR   = {2006},
  MONTH  = jan,
  URL    = {http://mirrors.ctan.org/info/epslatex/english/epslatex.pdf},
}

@MANUAL{ amsmath,
  AUTHOR = {American Mathematical Society},
  TITLE  = {User's Guide for the amsmath Package},
  YEAR   = {1999},
  MONTH  = dec,
  URL    = {ftp://ftp.ams.org/pub/tex/doc/amsmath/amsldoc.pdf},
}

@MISC{ texniccenter,
  TITLE  = {{\TeX{}nicCenter}},
  URL    = {http://www.texniccenter.org/},
  URLDATE= {2012-12-13},
  KEY    = {texniccenter},
}

@MISC{ xemacs,
  TITLE  = {{XEmacs}},
  URL     = {http://www.xemacs.org/},
  URLDATE= {2012-12-13},
  KEY    = {xemac},
}

@MISC{ texworks,
  TITLE  = {{\TeX{}works}},
  URL    = {http://www.tug.org/texworks/},
  URLDATE= {2012-12-13},
  KEY    = {texworks},
}

@BOOK{ Rybicka02,
       AUTHOR = { Rybička, Jiří },
        TITLE = { {\LaTeX} pro začátečníky },
    PUBLISHER = { Konvoj },
         YEAR = { 2002 },
     KEYWORDS = { LaTeX, TeX, document preparation },
         ISBN = {80-7302-049-1},
      EDITION = {Edition 3},
}

@BOOK{ Kopka04,
  AUTHOR =    {Kopka, Helmut and Daly, Patrick W.},
  TITLE =     {Guide to {\LaTeX}},
  PUBLISHER = {Addison-Wesley},
  YEAR =      {2003},
  MONTH =     nov,
  EDITION =   {Edition 4},
  PAGES =     {624},
  ISBN =      {0-321-17385-6},
}

@BOOK{ jemny,
  AUTHOR = {Michael Doob},
  TITLE  = {Jemný úvod do \TeX{}u},
  PUBLISHER = {CSTUG},
  YEAR   = {1997},
  URL    = {ftp://math.feld.cvut.cz/pub/cstex/doc/jemny.tar.gz},
}
@BOOK{ latexcompanion2nd,
  AUTHOR =    {Frank Mittelbach and Michel Goossens and Johannes Braams
               and David Carlisle and Chris Rowley},
  TITLE =     {{\LaTeX} Companion},
  PUBLISHER = {Addison-Wesley},
  YEAR =      {2004},
  MONTH =     apr,
  EDITION =   {Edition 2},
  PAGES =     {1120},
  ISBN =      {0-201-36299-6},
}

@BOOK{ latexgraphicscompanion2nd,
  AUTHOR =    {Michel Goossens and Frank Mittelbach and Sebastian Rahtz
               and Denis Roegel and Herbert Voss},
  TITLE =     {{\LaTeX} Graphics Companion},
  PUBLISHER = {Addison-Wesley},
  YEAR =      {2007},
  MONTH =     aug,
  EDITION =   {Edition 2},
  PAGES =     {976},
  ISBN =      {0-321-50892-0},
}

@MANUAL{ Oetiker11,
  TITLE =  {The not so short introduction to {\LaTeX2e}},
  AUTHOR = {Tobias Oetiker and Hubert Partl and Irene Hyna and Elisabeth Schlegl},
  YEAR =   {2011},
  URL =    {http://tobi.oetiker.ch/lshort/lshort.pdf},
}

@MANUAL{ nestrucLaTeX,
  TITLE =  {Nepříliš stručný úvod do systému {\LaTeX}},
  AUTHOR = {Tobias Oetiker and Hubert Partl and Irene Hyna
                   and Elisabeth Schlegl and Michal Kočer and Pavel Sýkora},
  YEAR =   {1998},
  URL =    {www.penguin.cz/~kocer/texty/lshort2e/lshort2e-cz.pdf},
}

@BOOK{ texbook,
       AUTHOR = {Knuth, Donald Ervin},
        TITLE = {Computer \& Typesetting A: The~{\TeX}book},
    PUBLISHER = {Addison Wesley},
         YEAR = {1994},
      ADDRESS = {Boston},
         ISBN = {02-011-3448-9},
}

@BOOK{ tbn,
  AUTHOR =    {Olšák, Petr},
  TITLE =     {{\TeX}book naruby},
  PUBLISHER = {Konvoj},
  ADDRESS =   {Brno},
  YEAR =      {2001},
  ISBN =      {80-7302-007-6},
  URL  =      {http://petr.olsak.net/tbn.html},
}

@BOOK{ tst,
  AUTHOR =    {Olšák, Petr},
  TITLE =     {Typografický systém {\TeX}},
  PUBLISHER = {Konvoj},
  ADDRESS =   {Brno},
  YEAR =      {1998},
  ISBN =      {80-85615-91-6},
  URL  =      {http://petr.olsak.net/tst.html},
}

@MANUAL{ prvni,
  AUTHOR =    {Olšák, Petr},
  TITLE =     {První setkání s \TeX{}em},
  YEAR =      {1999, 2012},
  URL  =      {http://petr.olsak.net/ftp/cstex/doc/prvni.pdf},
}

@MANUAL{ tpp,
  AUTHOR =    {Olšák, Petr},
  TITLE =     {\TeX{} pro pragmatiky},
  YEAR =      {2013},
  URL  =      {http://petr.olsak.net/tpp.html},
}

@MISC{ texlive,
  TITLE  = {{\TeX{}Live}},
  YEAR   = {2012},
  URL    = {http://www.tug.org/texlive/},
  URLDATE= {2012-12-13},
  KEY    = {TeXLive},
}

@MISC{ csplain,
  AUTHOR = {Olšák, Petr},
  TITLE  = {{\csplain}},
  YEAR   = {1992--2013},
  URL    = {http://petr.olsak.net/csplain.html},
  URLDATE= {2012-12-13},
}

@MISC{ opmac,
  AUTHOR = {Olšák, Petr},
  TITLE  = {{OPmac}},
  YEAR   = {2012},
  URL    = {http://petr.olsak.net/opmac.html},
  URLDATE= {2012-12-13},
}

@MISC{ LatinModern,
  TITLE  = {{Latin Modern} font family},
  AUTHOR = {Jackowski, Bogusław and Nowacki, Janusz M.},
  URL    = {http://oldwww.gust.org.pl/projects/e-foundry/latin-modern},
  URLDATE= {2012-12-13},
}

@MISC{ vlna,
  TITLE  = {Program vlna},
  AUTHOR = {Olšák, Petr},
  URL    = {ftp://math.feld.cvut.cz/olsak/vlna/},
}

@MANUAL{ grafman,
  TITLE =  {Grafický manuál identity Českého vysokého učení technického v Praze},
  NOTE=    {Reklamní a umělecká agentura Klubko 55.
            \url{http://www.cvut.cz/informace-pro-media/graficky-manual}},
  KEY = {grafman},
}

@MANUAL{ grafman2,
  TITLE =  {Grafický manuál identity Českého vysokého učení technického v Praze},
  NOTE=    {Kristina Fišerová.
            \url{https://www.cvut.cz/logo-a-graficky-manual}},
  KEY = {grafman2},
}

@MANUAL{ zyka,
  TITLE =  {FELthesis -- \LaTeX{} templates for thesis on CTU FEL},
  AUTHOR = {Vít Zýka},
  YEAR =   {2012},
  URL  =   {http://zyka.net/felthesis/felthesis.zip},
}

@MISC{ RYBECKY:MT,
  AUTHOR = {Tomáš Rybecký},
  TITLE  = {Trajectory planning for a heterogeneous
team in an automated warehouse},
  YEAR   = {2020},
  URL    = {https://dspace.cvut.cz/bitstream/handle/10467/88088/F3-DP-2020-Rybecky-Tomas-thesis.pdf?sequence=-1&isAllowed=y},
  URLDATE= {2021-12-13},
}

@MISC{ MAPFIR:REPO_DESCRIPTION,
  title={Kei18/MAPF-IR: Iterative refinement for real-time multi-robot path planning (IROS-21)}, 
  url={https://github.com/Kei18/mapf-IR}, 
  journal={GitHub}, 
  publisher={Kei18},
  author={Okumura, Keisuke}
}

@MISC{ MAPFIR:REPO_GUI_IMAGE,
  title={Kei18/MAPF-IR: Iterative refinement for real-time multi-robot path planning (IROS-21)}, 
  url={https://github.com/Kei18/mapf-IR/blob/public/material/arena_100agents.gif}, 
  journal={GitHub}, 
  publisher={Kei18},
  author={Okumura, Keisuke}
}

@MISC{okumura2021iterative,
  author={Okumura, Keisuke and Tamura, Yasumasa and Défago, Xavier},
  booktitle={2021 IEEE/RSJ International Conference on Intelligent Robots and Systems (IROS)},
  title={Iterative Refinement for Real-Time Multi-Robot Path Planning},
  year={2021},
  pages={9690-9697},
  doi={10.1109/IROS51168.2021.9636071}
}

@MISC{adgPaper,
  author={Hönig, Wolfgang and Kiesel, Scott and Tinka, Andrew and Durham, Joseph W. and Ayanian, Nora},
  journal={IEEE Robotics and Automation Letters}, 
  title={Persistent and Robust Execution of MAPF Schedules in Warehouses}, 
  year={2019},
  volume={4},
  number={2},
  pages={1125-1131},
  doi={10.1109/LRA.2019.2894217}
}

 @misc{ros_website, 
 title={Robot operating system}, 
 url={https://www.ros.org/}, 
 journal={ROS},
 publisher={Open Source Robotics Foundation, Inc.},
 author={{Open Source Robotics Foundation, Inc.}}
} 

 @misc{apriltag, 
 url={https://april.eecs.umich.edu/software/apriltag}, 
 journal={Apriltag},
 title={Apriltag}, 
 } 

 @misc{turtlebot, title={What is a TurtleBot?}, url={https://www.turtlebot.com/about}, journal={TurtleBot}} 

@article{Silver_2021, title={ Cooperative Pathfinding}, volume={1}, url={https://ojs.aaai.org/index.php/AIIDE/article/view/18726}, abstractNote={&lt;p&gt;Cooperative Pathfinding is a multi-agent path planning problem where agents must find non-colliding routes to separate destinations, given full information about the routes of other agents. This paper presents three new algorithms for efficiently solving this problem, suitable for use in Real-Time Strategy games and other real-time environments. The algorithms are decoupled approaches that break down the problem into a series of single-agent searches. Cooperative A* (CA*) searches space-time for a non-colliding route. Hierarchical Cooperative A* (HCA*) uses an abstract heuristic to boost performance. Finally, Windowed Hierarchical Cooperative A* (WHCA*) limits the space-time search depth to a dynamic window, spreading computation over the duration of the route. The algorithms are applied to a series of challenging, maze-like environments, and compared to A* with Local Repair (the current video-games industry standard). The results show that the new algorithms, especially WHCA*, are robust and efficient solutions to the Cooperative Pathfinding problem, finding more successful routes and following better paths than Local Repair A*&lt;/p&gt;}, number={1}, journal={Proceedings of the AAAI Conference on Artificial Intelligence and Interactive Digital Entertainment}, author={Silver, David}, year={2021}, month={Sep.}, pages={117-122} }

@MISC{ MAPFIR:REPO_DESCRIPTION,
  title={Kei18/MAPF-IR: Iterative refinement for real-time multi-robot path planning (IROS-21)}, 
  url={https://github.com/Kei18/mapf-IR}, 
  journal={GitHub}, 
  publisher={Kei18},
  author={Okumura, Keisuke}
}

@inproceedings{ijcai2019-76,
  title     = {Priority Inheritance with Backtracking for Iterative Multi-agent Path Finding},
  author    = {Okumura, Keisuke and Machida, Manao and Défago, Xavier and Tamura, Yasumasa},
  booktitle = {Proceedings of the Twenty-Eighth International Joint Conference on
               Artificial Intelligence, {IJCAI-19}},
  publisher = {International Joint Conferences on Artificial Intelligence Organization},             
  pages     = {535--542},
  year      = {2019},
  month     = {7},
  doi       = {10.24963/ijcai.2019/76},
  url       = {https://doi.org/10.24963/ijcai.2019/76},
}

@article{SHARON201540,
title = {Conflict-based search for optimal multi-agent pathfinding},
journal = {Artificial Intelligence},
volume = {219},
pages = {40-66},
year = {2015},
issn = {0004-3702},
doi = {https://doi.org/10.1016/j.artint.2014.11.006},
url = {https://www.sciencedirect.com/science/article/pii/S0004370214001386},
author = {Guni Sharon and Roni Stern and Ariel Felner and Nathan R. Sturtevant},
keywords = {Heuristic search, Multi-agent, Pathfinding},
abstract = {In the multi-agent pathfinding problem (MAPF) we are given a set of agents each with respective start and goal positions. The task is to find paths for all agents while avoiding collisions. Most previous work on solving this problem optimally has treated the individual agents as a single ‘joint agent’ and then applied single-agent search variants of the A* algorithm. In this paper we present the Conflict Based Search (CBS) a new optimal multi-agent pathfinding algorithm. CBS is a two-level algorithm that does not convert the problem into the single ‘joint agent’ model. At the high level, a search is performed on a Conflict Tree (CT) which is a tree based on conflicts between individual agents. Each node in the CT represents a set of constraints on the motion of the agents. At the low level, fast single-agent searches are performed to satisfy the constraints imposed by the high level CT node. In many cases this two-level formulation enables CBS to examine fewer states than A* while still maintaining optimality. We analyze CBS and show its benefits and drawbacks. Additionally we present the Meta-Agent CBS (MA-CBS) algorithm. MA-CBS is a generalization of CBS. Unlike basic CBS, MA-CBS is not restricted to single-agent searches at the low level. Instead, MA-CBS allows agents to be merged into small groups of joint agents. This mitigates some of the drawbacks of basic CBS and further improves performance. In fact, MA-CBS is a framework that can be built on top of any optimal and complete MAPF solver in order to enhance its performance. Experimental results on various problems show a speedup of up to an order of magnitude over previous approaches.}
}

@inproceedings{Boyarski2015ICBSTI,
  title={ICBS: The Improved Conflict-Based Search Algorithm for Multi-Agent Pathfinding},
  author={Eli Boyarski and Ariel Felner and Roni Stern and Guni Sharon and Oded Betzalel and David Tolpin and S. E. Shimony},
  booktitle={SOCS},
  year={2015}
}